@article{Axelrod1997,
  title = {The Dissemination of Culture: A Model with Local Convergence and Global Polarization},
  author = {R. Axelrod},
  journal = {Journal of Conflict Resolution},
  volume = {41},
  number = {2},
  pages = {203-226},
  year = {1997},
  publisher = {SAGE Publications},
  doi = {10.1177/0022002797041002001}
}

@article{Arenas2001,
  title = {Communication in Networks with Hierarchical Branching},
  author = {Arenas, A. and D\'{\i}az-Guilera, A. and Guimer\`a, R.},
  journal = {Phys. Rev. Lett.},
  volume = {86},
  issue = {14},
  pages = {3196--3199},
  numpages = {0},
  year = {2001},
  month = {Apr},
  publisher = {American Physical Society},
  doi = {10.1103/PhysRevLett.86.3196},
  url = {https://link.aps.org/doi/10.1103/PhysRevLett.86.3196}
}


@article{ma2004resilience,
  title = {Network resilience in public transport networks},
  author = {Ma, S. and Smith, J. and Zhou, T.},
  journal = {Physical Review E},
  volume = {70},
  number = {5},
  pages = {056105},
  year = {2004},
  publisher = {American Physical Society},
  doi = {10.1103/PhysRevE.70.056105}
}

@article{Echenique2004,
  title = {Improved routing strategies for Internet traffic delivery},
  author = {Echenique, Pablo and G\'omez-Garde\~nes, Jes\'us and Moreno, Yamir},
  journal = {Phys. Rev. E},
  volume = {70},
  issue = {5},
  pages = {056105},
  numpages = {4},
  year = {2004},
  month = {Nov},
  publisher = {American Physical Society},
  doi = {10.1103/PhysRevE.70.056105},
  url = {https://link.aps.org/doi/10.1103/PhysRevE.70.056105}
}

@article{Gallotti2015,
  title = {The multilayer temporal network of public transport in Great Britain},
  author = {Gallotti, R., Barthelemy, M.},
  journal = {Sci Data},
  volume = {2},
  issue = {140056},
  year = {2015},
  doi = {https://doi.org/10.1038/sdata.2014.56},
}


@misc{worldpopReview2025,
  author = {{World Population Review}},
  title = {United Kingdom Population by City},
  howpublished = {\url{https://worldpopulationreview.com/cities/united-kingdom}},
  year = {2025},
  note = {[Accessed Apr-2025]: Used to filter cities above 50k inhabitants}
}

@misc{chatgpt2025,
  author = {{ChatGPT (OpenAI)}},
  title = {Assistance with LaTeX formatting and code structure},
  howpublished = {Personal communication via ChatGPT interface},
  year = {2025},
  note = {[Accessed during project writing]}
}